@article{huseby2022blood,
  title={Blood transcript biomarkers selected by machine learning algorithm classify neurodegenerative diseases including Alzheimer’s disease},
  author={Huseby, Carol J and Delvaux, Elaine and Brokaw, Danielle L and Coleman, Paul D},
  journal={Biomolecules},
  volume={12},
  number={11},
  pages={1592},
  year={2022},
  publisher={MDPI}
}

@inproceedings{jammeh2016identification,
  title={Identification of blood biomarkers for use in point of care diagnosis tool for Alzheimer's disease},
  author={Jammeh, Emmanuel and Zhao, Peng and Carroll, Camille and Pearson, Stephen and Ifeachor, Emmanuel},
  booktitle={2016 38th Annual International Conference of the IEEE Engineering in Medicine and Biology Society (EMBC)},
  pages={2415--2418},
  year={2016},
  organization={IEEE}
}

@article{bungon2021graphene,
  title={Graphene FET sensors for Alzheimer’s disease protein biomarker clusterin detection},
  author={Bungon, Theodore and Haslam, Carrie and Damiati, Samar and O’Driscoll, Benjamin and Whitley, Toby and Davey, Paul and Siligardi, Giuliano and Charmet, Jerome and Awan, Shakil A},
  journal={Frontiers in Molecular Biosciences},
  volume={8},
  pages={651232},
  year={2021},
  publisher={Frontiers Media SA}
}

@article{jackson2019clusterin,
  title={Clusterin accumulates in synapses in Alzheimer’s disease and is increased in apolipoprotein E4 carriers},
  author={Jackson, Rosemary J and Rose, Jamie and Tulloch, Jane and Henstridge, Chris and Smith, Colin and Spires-Jones, Tara L},
  journal={Brain Communications},
  volume={1},
  number={1},
  pages={fcz003},
  year={2019},
  publisher={Oxford University Press}
}

@article{haslam2018label,
  title={Label-free sensors based on graphene field-effect transistors for the detection of human chorionic gonadotropin cancer risk biomarker},
  author={Haslam, Carrie and Damiati, Samar and Whitley, Toby and Davey, Paul and Ifeachor, Emmanuel and Awan, Shakil A},
  journal={Diagnostics},
  volume={8},
  number={1},
  pages={5},
  year={2018},
  publisher={MDPI}
}

@article{olsson2016csf,
  title={CSF and blood biomarkers for the diagnosis of Alzheimer's disease: a systematic review and meta-analysis},
  author={Olsson, Bob and Lautner, Ronald and Andreasson, Ulf and {\"O}hrfelt, Annika and Portelius, Erik and Bjerke, Maria and H{\"o}ltt{\"a}, Mikko and Ros{\'e}n, Christoffer and Olsson, Caroline and Strobel, Gabrielle and others},
  journal={The Lancet Neurology},
  volume={15},
  number={7},
  pages={673--684},
  year={2016},
  publisher={Elsevier}
}

@article{sood2015novel,
  title={A novel multi-tissue RNA diagnostic of healthy ageing relates to cognitive health status},
  author={Sood, Sanjana and Gallagher, Iain J and Lunnon, Katie and Rullman, Eric and Keohane, Aoife and Crossland, Hannah and Phillips, Bethan E and Cederholm, Tommy and Jensen, Thomas and van Loon, Luc JC and others},
  journal={Genome biology},
  volume={16},
  pages={1--17},
  year={2015},
  publisher={Springer}
}

@misc{plymouth_research_ethics,
  author    = "{University of Plymouth}",
  title     = "{Research Ethics Policy}",
  year      = {2025},
  url       = {https://www.plymouth.ac.uk/research/governance/research-ethics-policy},
  note      = "Accessed: 2025-03-10"
}

@misc{gse63060,
  author    = "{Gene Expression Omnibus (GEO)}",
  title     = "{GSE63060: Gene Expression Data for Alzheimer's Disease}",
  year      = {2015},
  url       = {https://www.ncbi.nlm.nih.gov/geo/query/acc.cgi?acc=gse63060},
  note      = "Accessed: 2025-03-10"
}

@misc{gse63061,
  author    = "{Gene Expression Omnibus (GEO)}",
  title     = "{GSE63061: Gene Expression Data for Alzheimer's Disease}",
  year      = {2015},
  url       = {https://www.ncbi.nlm.nih.gov/geo/query/acc.cgi?acc=gse63061},
  note      = "Accessed: 2025-03-10"
}

@misc{adni_biofluid_biomarker,
  author    = "{Alzheimer’s Disease Neuroimaging Initiative (ADNI)}",
  title     = "{ADNI Biofluid Biomarker Data}",
  year      = {2023},
  url       = {https://adni.loni.usc.edu/data-samples/adni-data/biofluid-biomarker/},
  note      = "Accessed: 2025-03-10"
}

@article{better2023alzheimer,
  title={Alzheimer’s disease facts and figures},
  author={Better, MAPPING A},
  journal={Alzheimers Dement},
  volume={19},
  number={4},
  pages={1598--1695},
  year={2023}
}

@article{deture2019neuropathological,
  title={The neuropathological diagnosis of Alzheimer’s disease},
  author={DeTure, Michael A and Dickson, Dennis W},
  journal={Molecular neurodegeneration},
  volume={14},
  number={1},
  pages={32},
  year={2019},
  publisher={Springer}
}

@article{nichols2022estimation,
  title={Estimation of the global prevalence of dementia in 2019 and forecasted prevalence in 2050: an analysis for the Global Burden of Disease Study 2019},
  author={Nichols, Emma and Steinmetz, Jaimie D and Vollset, Stein Emil and Fukutaki, Kai and Chalek, Julian and Abd-Allah, Foad and Abdoli, Amir and Abualhasan, Ahmed and Abu-Gharbieh, Eman and Akram, Tayyaba Tayyaba and others},
  journal={The Lancet Public Health},
  volume={7},
  number={2},
  pages={e105--e125},
  year={2022},
  publisher={Elsevier}
}

@article{ramos2025education,
  title={Education bias in typical brief cognitive tests used for the detection of dementia in elderly population with low educational level: a critical review},
  author={Ramos-Henderson, Miguel and Calder{\'o}n, Carlos and Domic-Siede, Marcos},
  journal={Applied Neuropsychology: Adult},
  volume={32},
  number={1},
  pages={253--261},
  year={2025},
  publisher={Taylor \& Francis}
}

@article{milinkeviciute2023clusterin,
  title={Clusterin/apolipoprotein J, its isoforms and Alzheimer's disease},
  author={Milinkeviciute, Giedre and Green, Kim N},
  journal={Frontiers in Aging Neuroscience},
  volume={15},
  pages={1167886},
  year={2023},
  publisher={Frontiers Media SA}
}

@article{bilousova2019apolipoprotein,
  title={Apolipoprotein E/amyloid-$\beta$ complex accumulates in Alzheimer disease cortical synapses via Apolipoprotein E receptors and is enhanced by APOE4},
  author={Bilousova, Tina and Melnik, Mikhail and Miyoshi, Emily and Gonzalez, Bianca L and Poon, Wayne W and Vinters, Harry V and Miller, Carol A and Corrada, Maria M and Kawas, Claudia and Hatami, Asa and others},
  journal={The American journal of pathology},
  volume={189},
  number={8},
  pages={1621--1636},
  year={2019},
  publisher={Elsevier}
}

@article{wimo2023worldwide,
  title={The worldwide costs of dementia in 2019},
  author={Wimo, Anders and Seeher, Katrin and Cataldi, Rodrigo and Cyhlarova, Eva and Dielemann, Joseph L and Frisell, Oskar and Guerchet, Ma{\"e}lenn and J{\"o}nsson, Linus and Malaha, Angeladine Kenne and Nichols, Emma and others},
  journal={Alzheimer's \& Dementia},
  volume={19},
  number={7},
  pages={2865--2873},
  year={2023},
  publisher={Wiley Online Library}
}

@article{scholl2024challenges,
  title={Challenges in the practical implementation of blood biomarkers for Alzheimer’s disease},
  author={Sch{\"o}ll, Michael and Verberk, Inge MW and Del Campo, Marta and Delaby, Constance and Therriault, Joseph and Chong, Joyce R and Palmqvist, Sebastian and Alcolea, Daniel},
  journal={The Lancet Healthy Longevity},
  volume={5},
  number={10},
  year={2024},
  publisher={Elsevier}
}

@article{esteva2017dermatologist,
  title={Dermatologist-level classification of skin cancer with deep neural networks},
  author={Esteva, Andre and Kuprel, Brett and Novoa, Roberto A and Ko, Justin and Swetter, Susan M and Blau, Helen M and Thrun, Sebastian},
  journal={nature},
  volume={542},
  number={7639},
  pages={115--118},
  year={2017},
  publisher={Nature Publishing Group UK London}
}

@article{edgar2002geo,
  author  = {Edgar, Raymond and Domrachev, Milena and Lash, Alex E.},
  title   = {Gene Expression Omnibus: NCBI gene expression and hybridization array data repository},
  journal = {Nucleic Acids Research},
  year    = {2002},
  volume  = {30},
  number  = {1},
  pages   = {207--210},
  doi     = {10.1093/nar/30.1.207}
}

@article{nagaraj2017plasma,
  title={Profile of 6 microRNA in blood plasma distinguish early stage Alzheimer’s disease patients from non-demented subjects},
  author={Nagaraj, Siranjeevi and Laskowska-Kaszub, Katarzyna and Debski, Konrad J and Wojsiat, Joanna and Dabrowski, Micha{\l} and Gabryelewicz, Tomasz and Ku{\'z}nicki, Jacek and Wojda, Urszula},
  journal={Oncotarget},
  volume={8},
  number={10},
  pages={16122},
  year={2017}
}

@article{weiner2017alzheimer,
  title={The Alzheimer's Disease Neuroimaging Initiative 3: Continued innovation for clinical trial improvement},
  author={Weiner, Michael W and Veitch, Dallas P and Aisen, Paul S and Beckett, Laurel A and Cairns, Nigel J and Green, Robert C and Harvey, Danielle and Jack Jr, Clifford R and Jagust, William and Morris, John C and others},
  journal={Alzheimer's \& Dementia},
  volume={13},
  number={5},
  pages={561--571},
  year={2017},
  publisher={Elsevier}
}

@article{cortes1995support,
  title={Support-vector networks},
  author={Cortes, Corinna and Vapnik, Vladimir},
  journal={Machine learning},
  volume={20},
  number={3},
  pages={273--297},
  year={1995},
  publisher={Springer}
}

@inproceedings{chen2016xgboost,
  title={Xgboost: A scalable tree boosting system},
  author={Chen, Tianqi and Guestrin, Carlos},
  booktitle={Proceedings of the 22nd acm sigkdd international conference on knowledge discovery and data mining},
  pages={785--794},
  year={2016}
}

@article{lecun2015deep,
  title={Deep learning},
  author={LeCun, Yann and Bengio, Yoshua and Hinton, Geoffrey},
  journal={nature},
  volume={521},
  number={7553},
  pages={436--444},
  year={2015},
  publisher={Nature Publishing Group UK London}
}

@article{lundberg2017unified,
  title={A unified approach to interpreting model predictions},
  author={Lundberg, Scott M and Lee, Su-In},
  journal={Advances in neural information processing systems},
  volume={30},
  year={2017}
}

@article{schulz2010consort,
  title={CONSORT 2010 statement: updated guidelines for reporting parallel group randomised trials},
  author={Schulz, Kenneth F and Altman, Douglas G and Moher, David and Consort Group and others},
  journal={Journal of clinical epidemiology},
  volume={63},
  number={8},
  pages={834--840},
  year={2010},
  publisher={Elsevier}
}

@article{thambisetty2010blood,
  title={Blood-based biomarkers of Alzheimer's disease: challenging but feasible},
  author={Thambisetty, Madhav and Lovestone, Simon},
  journal={Biomarkers in medicine},
  volume={4},
  number={1},
  pages={65--79},
  year={2010},
  publisher={Taylor \& Francis}
}

@article{hampel2018blood,
  title={Blood-based biomarkers for Alzheimer disease: mapping the road to the clinic},
  author={Hampel, Harald and O’Bryant, Sid E and Molinuevo, Jos{\'e} L and Zetterberg, Henrik and Masters, Colin L and Lista, Simone and Kiddle, Steven J and Batrla, Richard and Blennow, Kaj},
  journal={Nature Reviews Neurology},
  volume={14},
  number={11},
  pages={639--652},
  year={2018},
  publisher={Nature Publishing Group UK London}
}

@article{shahid2019applications,
  title={Applications of artificial neural networks in health care organizational decision-making: A scoping review},
  author={Shahid, Nida and Rappon, Tim and Berta, Whitney},
  journal={PloS one},
  volume={14},
  number={2},
  pages={e0212356},
  year={2019},
  publisher={Public Library of Science San Francisco, CA USA}
}

@article{karikari2020blood,
  title={Blood phosphorylated tau 181 as a biomarker for Alzheimer's disease: a diagnostic performance and prediction modelling study using data from four prospective cohorts},
  author={Karikari, Thomas K and Pascoal, Tharick A and Ashton, Nicholas J and Janelidze, Shorena and Benedet, Andr{\'e}a Lessa and Rodriguez, Juan Lantero and Chamoun, Mira and Savard, Melissa and Kang, Min Su and Therriault, Joseph and others},
  journal={The Lancet Neurology},
  volume={19},
  number={5},
  pages={422--433},
  year={2020},
  publisher={Elsevier}
}

@article{mattsson2017plasma,
  title={Association of plasma neurofilament light with neurodegeneration in patients with Alzheimer disease},
  author={Mattsson, Niklas and Andreasson, Ulf and Zetterberg, Henrik and Blennow, Kaj and Alzheimer’s Disease Neuroimaging Initiative and others},
  journal={JAMA neurology},
  volume={74},
  number={5},
  pages={557--566},
  year={2017},
  publisher={American Medical Association}
}

@article{janelidze2020plasma,
  title={Plasma P-tau181 in Alzheimer’s disease: relationship to other biomarkers, differential diagnosis, neuropathology and longitudinal progression to Alzheimer’s dementia},
  author={Janelidze, Shorena and Mattsson, Niklas and Palmqvist, Sebastian and Smith, Ruben and Beach, Thomas G and Serrano, Geidy E and Chai, Xiyun and Proctor, Nicholas K and Eichenlaub, Udo and Zetterberg, Henrik and others},
  journal={Nature medicine},
  volume={26},
  number={3},
  pages={379--386},
  year={2020},
  publisher={Nature Publishing Group US New York}
}

@article{pellegrini2018machine,
  title={Machine learning of neuroimaging for assisted diagnosis of cognitive impairment and dementia: a systematic review},
  author={Pellegrini, Enrico and Ballerini, Lucia and Hernandez, Maria del C Valdes and Chappell, Francesca M and Gonz{\'a}lez-Castro, Victor and Anblagan, Devasuda and Danso, Samuel and Mu{\~n}oz-Maniega, Susana and Job, Dominic and Pernet, Cyril and others},
  journal={Alzheimer's \& Dementia: Diagnosis, Assessment \& Disease Monitoring},
  volume={10},
  pages={519--535},
  year={2018},
  publisher={Elsevier}
}

@article{jack2018nia,
  title={NIA-AA research framework: toward a biological definition of Alzheimer's disease},
  author={Jack Jr, Clifford R and Bennett, David A and Blennow, Kaj and Carrillo, Maria C and Dunn, Billy and Haeberlein, Samantha Budd and Holtzman, David M and Jagust, William and Jessen, Frank and Karlawish, Jason and others},
  journal={Alzheimer's \& dementia},
  volume={14},
  number={4},
  pages={535--562},
  year={2018},
  publisher={Wiley Online Library}
}

@article{folstein1975mini,
  title={“Mini-mental state”: a practical method for grading the cognitive state of patients for the clinician},
  author={Folstein, Marshal F and Folstein, Susan E and McHugh, Paul R},
  journal={Journal of psychiatric research},
  volume={12},
  number={3},
  pages={189--198},
  year={1975},
  publisher={Pergamon}
}

@article{nasreddine2005montreal,
  title={The Montreal Cognitive Assessment, MoCA: a brief screening tool for mild cognitive impairment},
  author={Nasreddine, Ziad S and Phillips, Natalie A and B{\'e}dirian, Val{\'e}rie and Charbonneau, Simon and Whitehead, Victor and Collin, Isabelle and Cummings, Jeffrey L and Chertkow, Howard},
  journal={Journal of the American Geriatrics Society},
  volume={53},
  number={4},
  pages={695--699},
  year={2005},
  publisher={Wiley Online Library}
}

@article{petersen1999mild,
  title={Mild cognitive impairment: clinical characterization and outcome},
  author={Petersen, Ronald C and Smith, Glenn E and Waring, Stephen C and Ivnik, Robert J and Tangalos, Eric G and Kokmen, Emre},
  journal={Archives of neurology},
  volume={56},
  number={3},
  pages={303--308},
  year={1999},
  publisher={American Medical Association}
}

@article{albert2013diagnosis,
  title={The diagnosis of mild cognitive impairment due to Alzheimer’s disease: recommendations from the National Institute on Aging-Alzheimer’s Association workgroups on diagnostic guidelines for Alzheimer’s disease},
  author={Albert, Marilyn S and DeKosky, Steven T and Dickson, Dennis and Dubois, Bruno and Feldman, Howard H and Fox, Nick C and Gamst, Anthony and Holtzman, David M and Jagust, William J and Petersen, Ronald C and others},
  journal={Focus},
  volume={11},
  number={1},
  pages={96--106},
  year={2013},
  publisher={American Psychiatric Association Arlington, VA}
}

@article{stern2012cognitive,
  title={Cognitive reserve in ageing and Alzheimer's disease},
  author={Stern, Yaakov},
  journal={The Lancet Neurology},
  volume={11},
  number={11},
  pages={1006--1012},
  year={2012},
  publisher={Elsevier}
}

@article{gelosa2012prognostic,
  title={The prognostic value of amyloid imaging},
  author={Gelosa, Giorgio and Brooks, David J},
  journal={European journal of nuclear medicine and molecular imaging},
  volume={39},
  number={7},
  pages={1207--1219},
  year={2012},
  publisher={Springer}
}

@article{blennow2009csf,
  title={Cerebrospinal fluid biomarkers for Alzheimer's disease},
  author={Blennow, Kaj and Zetterberg, Henrik},
  journal={Journal of Alzheimer’s disease},
  volume={18},
  number={2},
  pages={413--417},
  year={2009},
  publisher={SAGE Publications Sage UK: London, England}
}

@article{palmqvist2020discriminative,
  title={Discriminative accuracy of plasma phospho-tau217 for Alzheimer disease vs other neurodegenerative disorders},
  author={Palmqvist, Sebastian and Janelidze, Shorena and Quiroz, Yakeel T and Zetterberg, Henrik and Lopera, Francisco and Stomrud, Erik and Su, YI and Chen, Yinghua and Serrano, Geidy E and Leuzy, Antoine and others},
  journal={Jama},
  volume={324},
  number={8},
  pages={772--781},
  year={2020},
  publisher={American Medical Association}
}

@article{foster2019clusterin,
  title={Clusterin in Alzheimer’s disease: mechanisms, genetics, and lessons from other pathologies},
  author={Foster, Evangeline M and Dangla-Valls, Adri{\`a} and Lovestone, Simon and Ribe, Elena M and Buckley, Noel J},
  journal={Frontiers in neuroscience},
  volume={13},
  pages={164},
  year={2019},
  publisher={Frontiers Media SA}
}

@article{corder1993gene,
  title={Gene dose of apolipoprotein E type 4 allele and the risk of Alzheimer's disease in late onset families},
  author={Corder, Elizabeth H and Saunders, Ann M and Strittmatter, Waren J and Schmechel, Donald E and Gaskell, P Craig and Small, GWet and Roses, AD and Haines, JL and Pericak-Vance, Margaret A},
  journal={Science},
  volume={261},
  number={5123},
  pages={921--923},
  year={1993},
  publisher={American Association for the Advancement of Science}
}

@article{eteleeb2024brain,
  title={Brain high-throughput multi-omics data reveal molecular heterogeneity in Alzheimer’s disease},
  author={Eteleeb, Abdallah M and Novotny, Brenna C and Tarraga, Carolina Soriano and Sohn, Christopher and Dhungel, Eliza and Brase, Logan and Nallapu, Aasritha and Buss, Jared and Farias, Fabiana and Bergmann, Kristy and others},
  journal={PLoS biology},
  volume={22},
  number={4},
  pages={e3002607},
  year={2024},
  publisher={Public Library of Science San Francisco, CA USA}
}

@article{winchester2023artificial,
  title={Artificial intelligence for biomarker discovery in Alzheimer's disease and dementia},
  author={Winchester, Laura M and Harshfield, Eric L and Shi, Liu and Badhwar, AmanPreet and Khleifat, Ahmad Al and Clarke, Natasha and Dehsarvi, Amir and Lengyel, Imre and Lourida, Ilianna and Madan, Christopher R and others},
  journal={Alzheimer's \& Dementia},
  volume={19},
  number={12},
  pages={5860--5871},
  year={2023},
  publisher={Wiley Online Library}
}

@article{khosravi2023demystifying,
  title={Demystifying statistics and machine learning in analysis of structured tabular data},
  author={Khosravi, Bardia and Weston, Alexander D and Nugen, Fred and Mickley, John P and Kremers, Hilal Maradit and Wyles, Cody C and Carter, Rickey E and Taunton, Michael J},
  journal={The Journal of arthroplasty},
  volume={38},
  number={10},
  pages={1943--1947},
  year={2023},
  publisher={Elsevier}
}

@article{saeys2007review,
  title={A review of feature selection techniques in bioinformatics},
  author={Saeys, Yvan and Inza, Inaki and Larranaga, Pedro},
  journal={bioinformatics},
  volume={23},
  number={19},
  pages={2507--2517},
  year={2007},
  publisher={Oxford University Press}
}

@article{arya2023systematic,
  title={A systematic review on machine learning and deep learning techniques in the effective diagnosis of Alzheimer’s disease},
  author={Arya, Akhilesh Deep and Verma, Sourabh Singh and Chakarabarti, Prasun and Chakrabarti, Tulika and Elngar, Ahmed A and Kamali, Ali-Mohammad and Nami, Mohammad},
  journal={Brain Informatics},
  volume={10},
  number={1},
  pages={17},
  year={2023},
  publisher={Springer}
}

@article{nguyen2020predicting,
  title={Predicting Alzheimer's disease progression using deep recurrent neural networks},
  author={Nguyen, Minh and He, Tong and An, Lijun and Alexander, Daniel C and Feng, Jiashi and Yeo, BT Thomas and Alzheimer's Disease Neuroimaging Initiative and others},
  journal={NeuroImage},
  volume={222},
  pages={117203},
  year={2020},
  publisher={Elsevier}
}

@article{el2024novel,
  title={A novel CNN architecture for accurate early detection and classification of Alzheimer’s disease using MRI data},
  author={El-Assy, AM and Amer, Hanan M and Ibrahim, HM and Mohamed, MA},
  journal={Scientific Reports},
  volume={14},
  number={1},
  pages={3463},
  year={2024},
  publisher={Nature Publishing Group UK London}
}

@article{malik2024deep,
  title={Deep learning for Alzheimer’s disease prediction: a comprehensive review},
  author={Malik, Isra and Iqbal, Ahmed and Gu, Yeong Hyeon and Al-Antari, Mugahed A},
  journal={Diagnostics},
  volume={14},
  number={12},
  pages={1281},
  year={2024}
}

@article{li2021applied,
  title={Applied machine learning in Alzheimer's disease research: omics, imaging, and clinical data},
  author={Li, Ziyi and Jiang, Xiaoqian and Wang, Yizhuo and Kim, Yejin},
  journal={Emerging topics in life sciences},
  volume={5},
  number={6},
  pages={765--777},
  year={2021},
  publisher={Portland Press Ltd.}
}

@article{ren2025artificial,
  title={Artificial intelligence-driven multi-omics approaches in Alzheimer’s disease: Progress, challenges, and future directions},
  author={Ren, Fang and Wei, Jing and Chen, Qingxin and Hu, Mengling and Yu, Lu and Mi, Jianing and Zhou, Xiaogang and Qin, Dalian and Wu, Jianming and Wu, Anguo},
  journal={Acta Pharmaceutica Sinica B},
  year={2025},
  publisher={Elsevier}
}

@misc{WHO2025dementia,
  author       = {{World Health Organization}},
  title        = {Dementia},
  howpublished = {WHO Fact Sheet},
  year         = {2025},
  month        = mar,
  url          = {https://www.who.int/news-room/fact-sheets/detail/dementia}
}

@article{krishnan2023graphene,
  title={Graphene-based field-effect transistors in biosensing and neural interfacing applications: recent advances and prospects},
  author={Krishnan, Siva Kumar and Nataraj, Nandini and Meyyappan, M and Pal, Umapada},
  journal={Analytical Chemistry},
  volume={95},
  number={5},
  pages={2590--2622},
  year={2023},
  publisher={ACS Publications}
}

@article{ono2024challenges,
  title={Challenges for field-effect-transistor-based graphene biosensors},
  author={Ono, Takao and Okuda, Satoshi and Ushiba, Shota and Kanai, Yasushi and Matsumoto, Kazuhiko},
  journal={Materials},
  volume={17},
  number={2},
  pages={333},
  year={2024},
  publisher={MDPI}
}

@article{novoselov2004electric,
  title={Electric field effect in atomically thin carbon films},
  author={Novoselov, Kostya S and Geim, Andre K and Morozov, Sergei V and Jiang, De-eng and Zhang, Yanshui and Dubonos, Sergey V and Grigorieva, Irina V and Firsov, Alexandr A},
  journal={science},
  volume={306},
  number={5696},
  pages={666--669},
  year={2004},
  publisher={American Association for the Advancement of Science}
}

@article{ohno2010label,
  title={Label-free biosensors based on aptamer-modified graphene field-effect transistors},
  author={Ohno, Yasuhide and Maehashi, Kenzo and Matsumoto, Kazuhiko},
  journal={Journal of the American Chemical Society},
  volume={132},
  number={51},
  pages={18012--18013},
  year={2010},
  publisher={ACS Publications}
}

@article{bhaiyya2024role,
  title={Role of machine learning assisted biosensors in point-of-care-testing for clinical decisions},
  author={Bhaiyya, Manish and Panigrahi, Debdatta and Rewatkar, Prakash and Haick, Hossam},
  journal={ACS sensors},
  volume={9},
  number={9},
  pages={4495--4519},
  year={2024},
  publisher={ACS Publications}
}

@article{wang2025machine,
  title={Machine learning-assisted point-of-care diagnostics for cardiovascular healthcare},
  author={Wang, Kaidong and Tan, Bing and Wang, Xinfei and Qiu, Shicheng and Zhang, Qiuping and Wang, Shaolei and Yen, Ying-Tzu and Jing, Nan and Liu, Changming and Chen, Xuxu and others},
  journal={Bioengineering \& Translational Medicine},
  pages={e70002},
  year={2025},
  publisher={Wiley Online Library}
}

@article{flynn2024artificial,
  title={Artificial intelligence in point-of-care biosensing: challenges and opportunities},
  author={Flynn, Connor D and Chang, Dingran},
  journal={Diagnostics},
  volume={14},
  number={11},
  pages={1100},
  year={2024},
  publisher={MDPI}
}

@article{han2025machine,
  title={Machine learning in point-of-care testing: Innovations, challenges, and opportunities},
  author={Han, Gyeo-Re and Goncharov, Artem and Eryilmaz, Merve and Ye, Shun and Palanisamy, Barath and Ghosh, Rajesh and Lisi, Fabio and Rogers, Elliott and Guzman, David and Yigci, Defne and others},
  journal={Nature Communications},
  volume={16},
  number={1},
  pages={3165},
  year={2025},
  publisher={Nature Publishing Group UK London}
}

@article{cummings2021alzheimer,
  title={Alzheimer's disease drug development pipeline: 2021},
  author={Cummings, Jeffrey and Lee, Garam and Zhong, Kate and Fonseca, Jorge and Taghva, Kazem},
  journal={Alzheimer's \& Dementia: Translational Research \& Clinical Interventions},
  volume={7},
  number={1},
  pages={e12179},
  year={2021},
  publisher={Wiley Online Library}
}

@article{varoquaux2018cross,
  title={Cross-validation failure: Small sample sizes lead to large error bars},
  author={Varoquaux, Ga{\"e}l},
  journal={Neuroimage},
  volume={180},
  pages={68--77},
  year={2018},
  publisher={Elsevier}
}

@article{doshi2017towards,
  title={Towards a rigorous science of interpretable machine learning},
  author={Doshi-Velez, Finale and Kim, Been},
  journal={arXiv preprint arXiv:1702.08608},
  year={2017}
}

@article{bron2021cross,
  title={Cross-cohort generalizability of deep and conventional machine learning for MRI-based diagnosis and prediction of Alzheimer’s disease},
  author={Bron, Esther E and Klein, Stefan and Papma, Janne M and Jiskoot, Lize C and Venkatraghavan, Vikram and Linders, Jara and Aalten, Pauline and De Deyn, Peter Paul and Biessels, Geert Jan and Claassen, Jurgen AHR and others},
  journal={NeuroImage: Clinical},
  volume={31},
  pages={102712},
  year={2021},
  publisher={Elsevier}
}

@article{lan2024analysis,
  title={Analysis of mortality in Parkinson disease in China: Exploration of recent and future trends},
  author={Lan, Jinxin and Ren, Yifan and Song, Ge and Liu, Lu and Li, Mingyu and Zhang, Renmu and Yin, Chunyu and Zhou, Hua and Zhang, Xiangyuan and Lv, Bin and others},
  journal={Aging Medicine},
  volume={7},
  number={4},
  pages={490--498},
  year={2024},
  publisher={Wiley Online Library}
}

@article{collins2015transparent,
  title={Transparent reporting of a multivariable prediction model for individual prognosis or diagnosis (TRIPOD): the TRIPOD statement},
  author={Collins, Gary S and Reitsma, Johannes B and Altman, Douglas G and Moons, Karel GM},
  journal={Journal of British Surgery},
  volume={102},
  number={3},
  pages={148--158},
  year={2015},
  publisher={Oxford University Press}
}

@article{martin2019evaluating,
  title={Evaluating the impact of organisational digital maturity on clinical outcomes in secondary care in England},
  author={Martin, Guy and Clarke, Jonathan and Liew, Felicity and Arora, Sonal and King, Dominic and Aylin, Paul and Darzi, Ara},
  journal={NPJ digital medicine},
  volume={2},
  number={1},
  pages={41},
  year={2019},
  publisher={Nature Publishing Group UK London}
}

@article{roberts2013amyloid,
  title={Amyloid imaging, risk disclosure and Alzheimer’s disease: ethical and practical issues},
  author={Roberts, J Scott and Dunn, Laura B and Rabinovici, Gil D},
  journal={Neurodegenerative Disease Management},
  volume={3},
  number={3},
  pages={219--229},
  year={2013},
  publisher={Taylor \& Francis}
}
